@book{ibm,
 author = {IBM and Zikopoulos, Paul and Eaton, Chris},
 title = {Understanding Big Data: Analytics for Enterprise Class Hadoop and Streaming Data},
 year = {2011},
 isbn = {978-0-07-179053-6},
 edition = {1st},
 publisher = {McGraw-Hill Osborne Media},
} 

@techreport{jvaldman,
     title = {{Log File Analysis}},
     author = {Valdman, Jan},
     year = {2001},
     institution = {University of West Bohemia in Pilsen, Department of Computer Science and Engineering},
     month = {04},
     url = {https://www.kiv.zcu.cz/site/documents/verejne/vyzkum/publikace/technicke-zpravy/2001/tr-2001-04.pdf},
}

@INPROCEEDINGS{he2016, 
author={P. He and J. Zhu and S. He and J. Li and M. R. Lyu}, 
booktitle={2016 46th Annual IEEE/IFIP International Conference on Dependable Systems and Networks (DSN)}, 
title={An Evaluation Study on Log Parsing and Its Use in Log Mining}, 
year={2016}, 
pages={654-661}, 
keywords={data mining;system monitoring;data mining;log mining;log parsing;runtime information recording;system behavior information extraction;system development;system maintenance;Computer science;Data mining;Data models;Maintenance engineering;Runtime;Software systems;Vocabulary}, 
doi={10.1109/DSN.2016.66}, 
month={June},}

@techreport{syslog,
   AUTHOR = "Gerhards, R.",
   TITLE = "{The Syslog Protocol}",
   HOWPUBLISHED = {Internet Requests for Comments},
   TYPE="{RFC}",
   NUMBER=5424,
   YEAR = {2009},
   MONTH = {March},
   PUBLISHER = "{RFC Editor}",
   INSTITUTION = "{RFC Editor}",
   URL={https://tools.ietf.org/html/rfc5424}
   }
   
@misc{CLF,
  	title = {Common Log Format},
  	howpublished = {\url{https://www.w3.org/Daemon/User/Config/Logging.htm\#common-logfile-format}},
  	note = {Accessed: 2017-05-01}
}
   
@TechReport{ELF,
	title = "{Extended Log File Format}",
    author = {Hallam-Baker, Phillip M. and Behlendorf,Brian},
    institution = {W3C},
    month = {March},
    year = {1996},
    howpublished = { \url{https://www.w3.org/TR/WD-logfile-960221.html} }
}  

@inproceedings{google,
 author = {Xu, Wei and Huang, Ling and Fox, Armando and Patterson, David and Jordan, Michael},
 title = {Experience Mining Google's Production Console Logs},
 booktitle = {Proceedings of the 2010 Workshop on Managing Systems via Log Analysis and Machine Learning Techniques},
 series = {SLAML'10},
 year = {2010},
 location = {Vancouver, BC, Canada},
 pages = {5--5},
 numpages = {1},
 url = {http://dl.acm.org/citation.cfm?id=1928991.1928999},
 acmid = {1928999},
 publisher = {USENIX Association},
 address = {Berkeley, CA, USA},
}  

@INPROCEEDINGS{weblog, 
author={T. T. Aye}, 
booktitle={2011 3rd International Conference on Computer Research and Development}, 
title={Web log cleaning for mining of web usage patterns}, 
year={2011}, 
volume={2}, 
pages={490-494}, 
keywords={Internet;data mining;information retrieval;Web log cleaning;Web usage pattern mining;World Wide Web;data cleaning algorithms;data mining;field extraction;Algorithm design and analysis;Cleaning;Data preprocessing;Web mining;Web servers;Data Preprocessing;Log File Analysis;Web Usage Mining}, 
doi={10.1109/ICCRD.2011.5764181}, 
month={March},}

@article{datapreprocessing,
  title={Data preprocessing on web server log files for mining users access patterns},
  author={Pamutha, Thanakorn and Chimphlee, Siriporn and Kimpan, Chom and Sanguansat, Parinya},
  journal={International Journal of Research and Reviews in Wireless Communications (IJRRWC) Vol},
  volume={2},
  year={2012}
}

@misc{ sshd,
   author = "Wikibooks",
   title = "OpenSSH/Logging and Troubleshooting --- Wikibooks{,} The Free Textbook Project",
   year = "2017",
   url = "https://en.wikibooks.org/w/index.php?title=OpenSSH/Logging_and_Troubleshooting&oldid=3197557",
   note = "[Online; accessed 9-May-2017]"
 }
 
 @article{logengineering,
  title={Log engineering: towards systematic log mining to support the development of ultra-large scale systems},
  author={Shang, Weiyi},
  year={2014},
  publisher={Canadian theses}
}

@phdthesis{xu2010,
  author    = {Wei Xu},
  title     = {System Problem Detection by Mining Console Logs},
  school    = {University of California, Berkeley, {USA}},
  year      = {2010},
  url       = {http://www.escholarship.org/uc/item/6jx4w194},
  timestamp = {Wed, 12 Apr 2017 17:17:00 +0200},
  biburl    = {http://dblp.uni-trier.de/rec/bib/phd/basesearch/Xu10a},
  bibsource = {dblp computer science bibliography, http://dblp.org}
}

@article{clustering,
  added-at = {2015-09-09T00:00:00.000+0200},
  author = {Makanju, Adetokunbo and Zincir-Heywood, A. Nur and Milios, Evangelos E.},
  biburl = {https://www.bibsonomy.org/bibtex/24b21855c860e30bd4304071cd8001b87/dblp},
  ee = {http://doi.ieeecomputersociety.org/10.1109/TKDE.2011.138},
  interhash = {fb4862c614a2e9148edec3dbd7659951},
  intrahash = {4b21855c860e30bd4304071cd8001b87},
  journal = {IEEE Trans. Knowl. Data Eng.},
  keywords = {dblp},
  number = 11,
  pages = {1921-1936},
  timestamp = {2015-09-10T11:34:31.000+0200},
  title = {A Lightweight Algorithm for Message Type Extraction in System Application Logs.},
  url = {http://dblp.uni-trier.de/db/journals/tkde/tkde24.html#MakanjuZM12},
  volume = 24,
  year = 2012
}

@inproceedings{slct,
  title={A data clustering algorithm for mining patterns from event logs},
  author={Vaarandi, Risto},
  booktitle={IP Operations \& Management, 2003.(IPOM 2003). 3rd IEEE Workshop on},
  pages={119--126},
  year={2003},
  organization={IEEE}
}

@inproceedings{slctloghound,
  title={Mining event logs with slct and loghound},
  author={Vaarandi, Risto},
  booktitle={Network Operations and Management Symposium, 2008. NOMS 2008. IEEE},
  pages={1071--1074},
  year={2008},
  organization={IEEE}
}

@INPROCEEDINGS{nagappanvouk, 
author={M. Nagappan and M. A. Vouk}, 
booktitle={2010 7th IEEE Working Conference on Mining Software Repositories (MSR 2010)}, 
title={Abstracting log lines to log event types for mining software system logs}, 
year={2010}, 
pages={114-117}, 
keywords={abstracting;computer debugging;data mining;file organisation;learning (artificial intelligence);software maintenance;system monitoring;North Carolina State University;cloud computer management system;clustering technique;data mining;debugging;information extraction;log event types;log file abstraction;log line abstraction;machine learning algorithms;manual perusal;message disentangling;parameter value;security threats;simple log file clustering tool;software system logs;source code access;static message type field;system execution;unique ID;variable parameter field;virtual computing lab;Algorithm design and analysis;Cloud computing;Data mining;Data security;Debugging;Information analysis;Information security;Machine learning algorithms;Manuals;Software systems;clustering;log file abstraction}, 
doi={10.1109/MSR.2010.5463281}, 
ISSN={2160-1852}, 
month={May},}

@inproceedings{iplom,
 author = {Makanju, Adetokunbo A.O. and Zincir-Heywood, A. Nur and Milios, Evangelos E.},
 title = {Clustering Event Logs Using Iterative Partitioning},
 booktitle = {Proceedings of the 15th ACM SIGKDD International Conference on Knowledge Discovery and Data Mining},
 series = {KDD '09},
 year = {2009},
 isbn = {978-1-60558-495-9},
 location = {Paris, France},
 pages = {1255--1264},
 numpages = {10},
 url = {http://doi.acm.org/10.1145/1557019.1557154},
 doi = {10.1145/1557019.1557154},
 acmid = {1557154},
 publisher = {ACM},
 address = {New York, NY, USA},
 keywords = {event log mining, fault management, telecommunications},
} 

@INPROCEEDINGS{logcluster, 
author={R. Vaarandi and M. Pihelgas}, 
booktitle={2015 11th International Conference on Network and Service Management (CNSM)}, 
title={LogCluster - A data clustering and pattern mining algorithm for event logs}, 
year={2015}, 
pages={1-7}, 
keywords={data mining;pattern clustering;public domain software;IT systems;LogCluster algorithm;data clustering algorithm;data mining methods;event pattern discovery;line pattern mining algorithm;log management task;open source implementation;textual event logs;Decision support systems;Filtering;Manganese;Yttrium;data clustering;data mining;event log analysis;event log clustering;mining patterns from event logs},
doi={10.1109/CNSM.2015.7367331}, 
month={Nov}
}

@INPROCEEDINGS{logclustertool, 
author={R. Vaarandi and M. Kont and M. Pihelgas}, 
booktitle={MILCOM 2016 - 2016 IEEE Military Communications Conference}, 
title={Event log analysis with the LogCluster tool}, 
year={2016}, 
pages={982-987}, 
keywords={data analysis;data mining;pattern clustering;security of data;LogCluster tool;anomalous event mining;data mining algorithm;event log analysis;event pattern mining;security incident;Clustering algorithms;Computer security;Data mining;Filtering;Mars;Partitioning algorithms;data mining;event log clustering;pattern mining from event logs;security log analysis}, 
doi={10.1109/MILCOM.2016.7795458}, 
month={Nov}
}

@PhdThesis{Tovarnak2017,
AUTHOR = "TOVARŇÁK, Daniel",
TITLE = "Normalization of Unstructured Log Data into Streams of Event Objects",
YEAR = "2017 [to appear]",
TYPE = "Disertační práce", 
SCHOOL = "Masarykova univerzita, Fakulta informatiky, Brno",
SUPERVISOR = "doc. RNDr. Tomáš Pitner, Ph.D."
}

@inproceedings{regextrie,
   author = {Tovarňák, Daniel},
   address = {Lisbon, Portugal},
   booktitle = {ICSOFT-EA 2016 - Proceedings of the 11th International Joint Conference on Software Technologies},
   doi = {http://dx.doi.org/10.5220/0006006603190329},
   keywords = {Log Processing; Pattern Matching; Log Abstraction; Big Data},
   howpublished = {tištěná verze "print"},
   language = {eng},
   location = {Lisbon, Portugal},
   isbn = {978-989-758-194-6},
   pages = {319-329},
   publisher = {SCITEPRESS},
   title = {Practical Multi-pattern Matching Approach for Fast and Scalable Log Abstraction},
   url = {http://www.scitepress.org/DigitalLibrary/PublicationsDetail.aspx?ID=SFHlGUrQnPo=&t=1},
   year = {2016}
}

@book{goldenstandard,
  title={Introduction to information retrieval},
  author={Manning, Christopher D and Raghavan, Prabhakar and Sch{\"u}tze, Hinrich and others},
  volume={1},
  number={1},
  year={2008},
  publisher={Cambridge university press Cambridge}
}

